@misc{dfnsrepo,
    author    = "{Dyalog, Ltd.}",
    title     = "Dyalog dfns Repository",
    howpublished = "\url{http://dfns.dyalog.com/}",
    note     = "Last accessed February 18th, 2016",
}

@article{taylor2016second,
    author    = "Stephen Taylor",
    title     = "Second Childhood",
    journal   = "Vector: the journal of the British APL Association",
     year      = "2016",
}

@incollection{bussell2006software,
  title={Software development as a collaborative writing project},
  author={Bussell, Brian and Taylor, Stephen},
  booktitle={Extreme Programming and Agile Processes in Software Engineering},
  pages={21--31},
  year={2006},
  publisher={Springer}
}

@article{taylor2006pair,
    author    = "Stephen Taylor",
    title     = "Pair Programming With The Users",
    journal   = "Vector: the journal of the British APL Association",
    volume   = "22",
    number   = "1",
    year      = "2006",
    month    = "December",
    note     = "\url{http://archive.vector.org.uk/art10009900}",
}

@article{alongi2013aplunit,
    author    = "Gianfranco Alongi",
    title     = "APLUnit - An APL unit test library",
    journal   = "Vector: the journal of the British APL Association",
    volume   = "26",
    number   = "1",
    pages    = "57-75",
    year      = "2013",
    month    = "September",
}

@book{prowell1999cleanroom,
  title={Cleanroom software engineering: technology and process},
  author={Prowell, Stacy J and Trammell, Carmen J and Linger, Richard C and Poore, Jesse H},
  year={1999},
  publisher={Pearson Education}
}

@misc{alongi2016aplunit,
    author    = "Gianfranco Alongi",
    title     = "APLUnit Repository",
    howpublished = "\url{https://github.com/Gianfrancoalongi/APLUnit}",
    note     = "Last accessed February 18th, 2016",
}

